<?xml version="1.0" encoding="UTF-8"?>
<record xmlns="http://www.loc.gov/MARC21/slim" xmlns:xsi="http://www.w3.org/2001/XMLSchema-instance" xsi:schemaLocation="http://www.loc.gov/MARC21/slim http://www.loc.gov/standards/marcxml/schema/MARC21slim.xsd">
<leader>00000cam a2200277 a 4500</leader>
<controlfield tag="001">002050025</controlfield>
<controlfield tag="003">NNU</controlfield>
<controlfield tag="005">20150805181028.0</controlfield>
<controlfield tag="008">930106s1929    ua      a     000 0 ara d</controlfield>
<datafield tag="035" ind1="9" ind2=" ">
<subfield code="a">NYUb11002933</subfield>
</datafield>
<datafield tag="035" ind1=" " ind2=" ">
<subfield code="a">(CStRLIN)NYUG93-B404</subfield>
</datafield>
<datafield tag="035" ind1=" " ind2=" ">
<subfield code="a">GLIS010029331</subfield>
</datafield>
<datafield tag="040" ind1=" " ind2=" ">
<subfield code="a">NjP</subfield>
<subfield code="b">eng</subfield>
<subfield code="c">NjP</subfield>
<subfield code="d">NNU</subfield>
</datafield>
<datafield tag="043" ind1=" " ind2=" ">
<subfield code="a">f-ua---</subfield>
</datafield>
<datafield tag="050" ind1=" " ind2="4">
<subfield code="a">HC830</subfield>
<subfield code="b">.B35 1929</subfield>
</datafield>
<datafield tag="090" ind1=" " ind2=" ">
<subfield code="i">01/20/93 T</subfield>
<subfield code="h">01/06/93 CT</subfield>
</datafield>
<datafield tag="110" ind1="2" ind2=" ">
<subfield code="6">880-01</subfield>
<subfield code="a">Bank Miṣr.</subfield>
</datafield>
<datafield tag="245" ind1="1" ind2="0">
<subfield code="6">880-02</subfield>
<subfield code="a">Inshāʼ al-ṣināʻāt al-ahlīyah wa-tanẓīm al-taslīf al-ṣināʻī:</subfield>
<subfield code="b">mashrūʻ Bank Ṣināʻī Miṣrī /</subfield>
<subfield code="c">taqrīr mufaṣṣal muqaddam li-Wazīr al-Mālīyah min Bank Miṣr.</subfield>
</datafield>
<datafield tag="260" ind1=" " ind2=" ">
<subfield code="a">[Cairo :</subfield>
<subfield code="b">s.n.,</subfield>
<subfield code="c">1929]</subfield>
</datafield>
<datafield tag="300" ind1=" " ind2=" ">
<subfield code="a">229 p. ;</subfield>
<subfield code="c">28 cm.</subfield>
</datafield>
<datafield tag="651" ind1=" " ind2="0">
<subfield code="a">Egypt</subfield>
<subfield code="x">Economic conditions.</subfield>
</datafield>
<datafield tag="650" ind1=" " ind2="0">
<subfield code="a">Industrialization</subfield>
<subfield code="z">Egypt.</subfield>
</datafield>
<datafield tag="880" ind1="2" ind2=" ">
<subfield code="6">110-01/</subfield>
<subfield code="a">بنك مصر.</subfield>
</datafield>
<datafield tag="880" ind1="1" ind2="0">
<subfield code="6">245-02/</subfield>
<subfield code="a">انشاء الصناعات الاهلية وتنظيم التسليف الصناعي:</subfield>
<subfield code="b">مشروع بنك صناعي مصري /</subfield>
<subfield code="c">تقرير مفصل مقدم لوزير المالية من بنك مصر.</subfield>
</datafield>
<datafield tag="OWN" ind1=" " ind2=" ">
<subfield code="a">GENERAL</subfield>
</datafield>
<datafield tag="AVA" ind1=" " ind2=" ">
<subfield code="a">NYU50</subfield>
<subfield code="b">BOBST</subfield>
<subfield code="c">Main Collection</subfield>
<subfield code="d">HC830 .B35 1929</subfield>
<subfield code="e">unavailable</subfield>
<subfield code="t">Unavailable</subfield>
<subfield code="f">1</subfield>
<subfield code="g">1</subfield>
<subfield code="h">N</subfield>
<subfield code="i">0</subfield>
<subfield code="j">MAIN</subfield>
<subfield code="k">0</subfield>
</datafield>
</record>
